"Date","Sales","Tracked Sales","Anonymous Sales"
1/1/2017,$13881797.42,$13879691.72,$2105.70
1/2/2017,$18299125.72,$18291988.98,$7136.74
1/3/2017,$8864810.21,$8864286.36,$523.85
1/4/2017,$7621564.04,$7620300.15,$1263.89
1/5/2017,$13271336.98,$13269982.19,$1354.79
1/6/2017,$12561378.00,$12560688.90,$689.10
1/7/2017,$14850200.23,$14847701.62,$2498.61
1/8/2017,$16712600.96,$16711548.04,$1052.92
1/9/2017,$11439226.34,$11438160.29,$1066.05
1/10/2017,$10798815.57,$10798427.07,$388.50
1/11/2017,$12422516.37,$12421845.59,$670.78
1/12/2017,$6738508.38,$6738242.78,$265.60
1/13/2017,$14671767.84,$14670316.11,$1451.73
1/14/2017,$18954674.52,$18953187.08,$1487.44
1/15/2017,$15075806.49,$15074969.86,$836.63
1/16/2017,$15631736.08,$15630666.75,$1069.33
1/17/2017,$11147839.70,$11147601.74,$237.96
1/18/2017,$9415352.89,$9415061.55,$291.34
1/19/2017,$9846833.46,$9846544.49,$288.97
1/20/2017,$10104290.06,$10102932.81,$1357.25
1/21/2017,$11615021.49,$11614776.55,$244.94
1/22/2017,$14640395.09,$14639537.52,$857.57
1/23/2017,$8398692.06,$8398237.60,$454.46
1/24/2017,$6626394.56,$6626087.59,$306.97
1/25/2017,$11787583.46,$11786168.18,$1415.28
1/26/2017,$10618459.14,$10617960.18,$498.96
1/27/2017,$9897925.04,$9896766.39,$1158.65
1/28/2017,$11800939.45,$11800807.82,$131.63
1/29/2017,$15298875.62,$15298363.11,$512.51
1/30/2017,$10021135.53,$10020046.92,$1088.61
1/31/2017,$8864889.82,$8864126.39,$763.43
2/1/2017,$12603908.63,$12603323.70,$584.93
2/2/2017,$15389863.57,$15389211.11,$652.46
2/3/2017,$15906579.07,$15905416.26,$1162.81
2/4/2017,$15878810.45,$15877964.58,$845.87
2/5/2017,$17118142.17,$17117119.86,$1022.31
2/6/2017,$15091296.45,$15091122.94,$173.51
2/7/2017,$11586906.57,$11585280.73,$1625.84
2/8/2017,$10376533.55,$10376109.08,$424.47
2/9/2017,$9685400.96,$9684845.17,$555.79
2/10/2017,$16666052.01,$16665319.19,$732.82
2/11/2017,$20413369.31,$20411071.60,$2297.71
2/12/2017,$15065404.97,$15064323.21,$1081.76
2/13/2017,$10463861.45,$10463176.60,$684.85
2/14/2017,$10222252.88,$10221934.72,$318.16
2/15/2017,$11147856.97,$11146654.01,$1202.96
2/16/2017,$10155639.66,$10155369.56,$270.10
2/17/2017,$10154269.30,$10154088.00,$181.30
2/18/2017,$11778636.58,$11777949.78,$686.80
2/19/2017,$14787446.66,$14786911.84,$534.82
2/20/2017,$19082704.26,$19081444.04,$1260.22
2/21/2017,$9580028.25,$9579192.32,$835.93
2/22/2017,$10290661.78,$10290217.80,$443.98
2/23/2017,$8010957.87,$8010808.93,$148.94
2/24/2017,$11177272.30,$11176545.19,$727.11
2/25/2017,$12839625.42,$12839228.01,$397.41
2/26/2017,$15184077.92,$15183654.99,$422.93
2/27/2017,$7544038.01,$7542422.11,$1615.90
2/28/2017,$11418273.53,$11418047.90,$225.63
3/1/2017,$12403738.19,$12403199.05,$539.14
3/2/2017,$6959794.82,$6959708.94,$85.88
3/3/2017,$15579379.17,$15577987.34,$1391.83
3/4/2017,$19940421.18,$19938034.12,$2387.06
3/5/2017,$15641686.19,$15641057.88,$628.31
3/6/2017,$11365165.76,$11363169.39,$1996.37
3/7/2017,$10313804.29,$10313385.55,$418.74
3/8/2017,$11245815.69,$11245339.23,$476.46
3/9/2017,$10778191.64,$10777898.68,$292.96
3/10/2017,$10854596.53,$10853796.96,$799.57
3/11/2017,$12487329.08,$12486667.54,$661.54
3/12/2017,$15060455.81,$15058269.30,$2186.51
3/13/2017,$8814998.99,$8814939.34,$59.65
3/14/2017,$29603046.31,$29600637.48,$2408.83
3/15/2017,$26466494.28,$26464168.65,$2325.63
3/16/2017,$21108182.16,$21106232.25,$1949.91
3/17/2017,$19644863.39,$19644636.69,$226.70
3/18/2017,$23074860.10,$23073213.24,$1646.86
3/19/2017,$43248435.94,$43246981.38,$1454.56
3/20/2017,$25888862.22,$25887751.94,$1110.28
3/21/2017,$26081984.04,$26079234.78,$2749.26
3/22/2017,$13170939.14,$13170173.08,$766.06
3/23/2017,$9183409.29,$9183097.44,$311.85
3/24/2017,$8950790.12,$8950119.06,$671.06
3/25/2017,$15895894.89,$15894652.04,$1242.85
3/26/2017,$24255635.37,$24254920.96,$714.41
3/27/2017,$17821609.13,$17821259.41,$349.72
3/28/2017,$17417402.19,$17416647.42,$754.77
3/29/2017,$15683880.39,$15683147.56,$732.83
3/30/2017,$14466956.35,$14465724.88,$1231.47
3/31/2017,$14344389.42,$14343504.17,$885.25
4/1/2017,$16775640.15,$16775412.18,$227.97
4/2/2017,$23920824.25,$23919401.39,$1422.86
4/3/2017,$12705662.83,$12705389.89,$272.94
4/4/2017,$12574068.29,$12573293.28,$775.01
4/5/2017,$14357244.65,$14357244.65,$0.00
4/6/2017,$14199975.04,$14199559.09,$415.95
4/7/2017,$13434653.15,$13433148.04,$1505.11
4/8/2017,$13801964.42,$13801305.62,$658.80
4/9/2017,$19751307.62,$19751027.62,$280.00
4/10/2017,$10101673.88,$10100711.43,$962.45
4/11/2017,$14337497.72,$14336983.14,$514.58
4/12/2017,$18031377.69,$18030920.25,$457.44
4/13/2017,$11600404.74,$11599442.65,$962.09
4/14/2017,$9946071.36,$9945665.45,$405.91
4/15/2017,$10650016.44,$10648271.65,$1744.79
4/16/2017,$12532033.74,$12531163.93,$869.81
4/17/2017,$13553818.63,$13552975.71,$842.92
4/18/2017,$17008096.05,$17008037.86,$58.19
4/19/2017,$14135918.24,$14135180.94,$737.30
4/20/2017,$12797111.80,$12796673.65,$438.15
4/21/2017,$11628711.17,$11628416.19,$294.98
4/22/2017,$12628428.73,$12627066.32,$1362.41
4/23/2017,$16939377.08,$16939041.51,$335.57
4/24/2017,$8736096.57,$8735521.08,$575.49
4/25/2017,$7700870.06,$7700600.13,$269.93
4/26/2017,$28015569.41,$28014782.46,$786.95
4/27/2017,$23288285.50,$23287132.61,$1152.89
4/28/2017,$21124572.58,$21123529.64,$1042.94
4/29/2017,$21834721.50,$21833692.40,$1029.10
4/30/2017,$28239435.73,$28238465.92,$969.81
5/1/2017,$21471036.25,$21470522.49,$513.76
5/2/2017,$21910044.86,$21908767.09,$1277.77
5/3/2017,$23521873.49,$23519670.37,$2203.12
5/4/2017,$22718652.99,$22717909.03,$743.96
5/5/2017,$22133098.84,$22132649.69,$449.15
5/6/2017,$25443894.60,$25441194.64,$2699.96
5/7/2017,$51525274.45,$51522312.04,$2962.41
5/8/2017,$21122925.71,$21122258.97,$666.74
5/9/2017,$13947204.96,$13946474.72,$730.24
5/10/2017,$13012841.24,$13012269.36,$571.88
5/11/2017,$10874540.65,$10874325.68,$214.97
5/12/2017,$14341667.98,$14341255.69,$412.29
5/13/2017,$18669558.22,$18669397.59,$160.63
5/14/2017,$16138180.20,$16137880.45,$299.75
5/15/2017,$13188584.65,$13187977.27,$607.38
5/16/2017,$10425396.08,$10423065.89,$2330.19
5/17/2017,$8584222.33,$8583491.87,$730.46
5/18/2017,$9462975.62,$9462560.91,$414.71
5/19/2017,$11848081.64,$11847663.82,$417.82
5/20/2017,$12107485.06,$12106830.26,$654.80
5/21/2017,$15598908.93,$15598317.06,$591.87
5/22/2017,$10304528.07,$10304283.09,$244.98
5/23/2017,$10045801.44,$10045341.56,$459.88
5/24/2017,$14606520.79,$14605484.70,$1036.09
5/25/2017,$14308779.45,$14307550.80,$1228.65
5/26/2017,$14392062.85,$14391765.15,$297.70
5/27/2017,$14283227.15,$14283087.21,$139.94
5/28/2017,$16758615.10,$16757455.53,$1159.57
5/29/2017,$29782392.43,$29781688.43,$704.00
5/30/2017,$11857684.41,$11857493.49,$190.92
5/31/2017,$13706684.81,$13706486.19,$198.62
6/1/2017,$11939654.38,$11938195.99,$1458.39
6/2/2017,$11409963.57,$11408488.95,$1474.62
6/3/2017,$12468029.82,$12467289.01,$740.81
6/4/2017,$16661978.59,$16660432.31,$1546.28
6/5/2017,$13156571.48,$13155196.98,$1374.50
6/6/2017,$14924479.88,$14923551.83,$928.05
6/7/2017,$16115883.64,$16115463.71,$419.93
6/8/2017,$9124858.50,$9124361.61,$496.89
6/9/2017,$11765988.96,$11765669.11,$319.85
6/10/2017,$13416660.18,$13415673.51,$986.67
6/11/2017,$30705312.71,$30702579.71,$2733.00
6/12/2017,$27361824.01,$27360967.27,$856.74
6/13/2017,$14858114.04,$14858072.54,$41.50
6/14/2017,$12227801.48,$12227287.35,$514.13
6/15/2017,$11341206.23,$11340980.51,$225.72
6/16/2017,$18102092.39,$18101644.70,$447.69
6/17/2017,$21916068.97,$21914560.90,$1508.07
6/18/2017,$15292898.09,$15292529.55,$368.54
6/19/2017,$10731483.85,$10731483.85,$0.00
6/20/2017,$11747973.00,$11747868.03,$104.97
6/21/2017,$11842816.86,$11842428.95,$387.91
6/22/2017,$11176677.09,$11175702.60,$974.49
6/23/2017,$10803621.83,$10803337.97,$283.86
6/24/2017,$10339606.06,$10339371.83,$234.23
6/25/2017,$12572128.85,$12570720.34,$1408.51
6/26/2017,$10105040.18,$10104453.37,$586.81
6/27/2017,$8297541.73,$8297162.36,$379.37
6/28/2017,$13752101.20,$13751794.16,$307.04
6/29/2017,$13396573.42,$13395889.97,$683.45
6/30/2017,$13175761.86,$13175068.84,$693.02
7/1/2017,$12941440.40,$12940695.15,$745.25
7/2/2017,$13651256.73,$13650784.73,$472.00
7/3/2017,$14437489.54,$14436610.56,$878.98
7/4/2017,$20342914.25,$20340956.59,$1957.66
7/5/2017,$10196085.27,$10196031.30,$53.97
7/6/2017,$6774642.55,$6774084.78,$557.77
7/7/2017,$14251950.75,$14251156.55,$794.20
7/8/2017,$18171993.24,$18171064.97,$928.27
7/9/2017,$12657103.92,$12655840.76,$1263.16
7/10/2017,$8440377.83,$8439857.77,$520.06
7/11/2017,$24243402.42,$24242995.95,$406.47
7/12/2017,$17222664.20,$17221223.63,$1440.57
7/13/2017,$14443264.96,$14442499.56,$765.40
7/14/2017,$14758320.05,$14756794.97,$1525.08
7/15/2017,$14695656.95,$14695089.76,$567.19
7/16/2017,$18064991.01,$18064526.12,$464.89
7/17/2017,$21330947.53,$21330499.57,$447.96
7/18/2017,$9456607.86,$9455977.40,$630.46
7/19/2017,$7164816.03,$7163962.61,$853.42
7/20/2017,$6812773.18,$6812345.55,$427.63
7/21/2017,$8912644.02,$8912276.45,$367.57
7/22/2017,$9724802.10,$9724547.64,$254.46
7/23/2017,$11165314.01,$11164509.91,$804.10
7/24/2017,$9752992.07,$9752918.07,$74.00
7/25/2017,$10609168.37,$10608338.52,$829.85
7/26/2017,$10506341.45,$10505689.61,$651.84
7/27/2017,$9830768.78,$9830117.57,$651.21
7/28/2017,$9909851.04,$9909851.04,$0.00
7/29/2017,$10628830.26,$10627864.53,$965.73
7/30/2017,$14065578.72,$14063354.31,$2224.41
7/31/2017,$10277684.46,$10277379.50,$304.96
8/1/2017,$10008331.09,$10007512.76,$818.33
8/2/2017,$9373386.43,$9372698.48,$687.95
8/3/2017,$8637572.34,$8637411.09,$161.25
8/4/2017,$15676687.40,$15675772.07,$915.33
8/5/2017,$19605358.28,$19603613.13,$1745.15
8/6/2017,$15674715.28,$15674142.45,$572.83
8/7/2017,$10352360.45,$10351002.07,$1358.38
8/8/2017,$7959679.36,$7959570.23,$109.13
8/9/2017,$7660767.57,$7660345.25,$422.32
8/10/2017,$9960768.90,$9960315.98,$452.92
8/11/2017,$10529862.48,$10529300.57,$561.91
8/12/2017,$11256132.75,$11255389.57,$743.18
8/13/2017,$14185272.75,$14184930.84,$341.91
8/14/2017,$8650367.78,$8650149.45,$218.33
8/15/2017,$13016639.49,$13015472.47,$1167.02
8/16/2017,$13368317.44,$13367386.06,$931.38
8/17/2017,$13337706.54,$13336734.15,$972.39
8/18/2017,$10823251.50,$10822329.16,$922.34
8/19/2017,$10967256.97,$10966533.15,$723.82
8/20/2017,$11872405.16,$11871801.53,$603.63
8/21/2017,$11189749.25,$11188069.04,$1680.21
8/22/2017,$12542576.82,$12541636.52,$940.30
8/23/2017,$12815465.27,$12815229.31,$235.96
8/24/2017,$11862393.55,$11861884.86,$508.69
8/25/2017,$11819116.50,$11817965.16,$1151.34
8/26/2017,$12546619.66,$12546484.71,$134.95
8/27/2017,$16655190.55,$16654351.36,$839.19
8/28/2017,$14480471.99,$14480143.71,$328.28
8/29/2017,$9720881.08,$9720765.13,$115.95
8/30/2017,$13270999.79,$13270549.87,$449.92
8/31/2017,$12488981.39,$12487498.15,$1483.24
9/1/2017,$12519185.25,$12517744.89,$1440.36
9/2/2017,$14463477.60,$14463046.64,$430.96
9/3/2017,$17229069.70,$17227439.87,$1629.83
9/4/2017,$25070219.24,$25069434.69,$784.55
9/5/2017,$10014211.60,$10014048.73,$162.87
9/6/2017,$7360016.37,$7360016.37,$0.00
9/7/2017,$11695783.48,$11695439.99,$343.49
9/8/2017,$11181813.06,$11181137.43,$675.63
9/9/2017,$11782626.90,$11781626.97,$999.93
9/10/2017,$14034659.84,$14034012.82,$647.02
9/11/2017,$11766664.56,$11766363.10,$301.46
9/12/2017,$13289171.36,$13288196.49,$974.87
9/13/2017,$10242590.93,$10242286.08,$304.85
9/14/2017,$8777652.45,$8777013.54,$638.91
9/15/2017,$15427887.56,$15427050.97,$836.59
9/16/2017,$21008654.83,$21007546.62,$1108.21
9/17/2017,$33042869.72,$33041824.14,$1045.58
9/18/2017,$22884722.47,$22880786.99,$3935.48
9/19/2017,$21193048.98,$21191207.75,$1841.23
9/20/2017,$19607048.67,$19606390.24,$658.43
9/21/2017,$18541901.25,$18540549.74,$1351.51
9/22/2017,$18234980.50,$18234505.57,$474.93
9/23/2017,$20630009.17,$20629497.82,$511.35
9/24/2017,$26598463.04,$26598463.04,$0.00
9/25/2017,$36158966.23,$36157218.60,$1747.63
9/26/2017,$11308992.79,$11308858.81,$133.98
9/27/2017,$10548880.53,$10548741.87,$138.66
9/28/2017,$9555723.48,$9554968.52,$754.96
9/29/2017,$9559583.57,$9559060.98,$522.59
9/30/2017,$10730438.34,$10730338.35,$99.99
10/1/2017,$13166792.55,$13166278.80,$513.75
10/2/2017,$13123457.22,$13123084.85,$372.37
10/3/2017,$11585841.60,$11585534.86,$306.74
10/4/2017,$18194468.07,$18192695.67,$1772.40
10/5/2017,$16664016.77,$16662071.03,$1945.74
10/6/2017,$16595902.58,$16593638.65,$2263.93
10/7/2017,$17562759.05,$17561813.58,$945.47
10/8/2017,$23754175.22,$23752120.22,$2055.00
10/9/2017,$27533326.98,$27532666.27,$660.71
10/10/2017,$12933427.10,$12933028.04,$399.06
10/11/2017,$12588430.49,$12587489.77,$940.72
10/12/2017,$12657931.42,$12656700.16,$1231.26
10/13/2017,$12180880.22,$12180721.11,$159.11
10/14/2017,$13973062.22,$13972152.69,$909.53
10/15/2017,$21635532.82,$21634150.94,$1381.88
10/16/2017,$9649110.87,$9648433.49,$677.38
10/17/2017,$11265378.37,$11264746.32,$632.05
10/18/2017,$12794488.84,$12793822.25,$666.59
10/19/2017,$10385081.98,$10384702.72,$379.26
10/20/2017,$19148560.85,$19147465.06,$1095.79
10/21/2017,$26184280.67,$26182601.43,$1679.24
10/22/2017,$18507987.89,$18506443.20,$1544.69
10/23/2017,$11262149.91,$11261899.41,$250.50
10/24/2017,$17347561.21,$17347408.33,$152.88
10/25/2017,$18252204.80,$18251804.17,$400.63
10/26/2017,$17497802.09,$17497041.28,$760.81
10/27/2017,$16399950.87,$16399505.26,$445.61
10/28/2017,$18042557.71,$18041260.22,$1297.49
10/29/2017,$24041611.48,$24040068.12,$1543.36
10/30/2017,$21635186.29,$21633715.09,$1471.20
10/31/2017,$11432448.60,$11431860.45,$588.15
11/1/2017,$15732556.19,$15730838.72,$1717.47
11/2/2017,$17598878.21,$17598818.92,$59.29
11/3/2017,$15773417.24,$15772971.39,$445.85
11/4/2017,$22704859.38,$22704501.02,$358.36
11/5/2017,$55064211.37,$55063067.58,$1143.79
11/6/2017,$20382917.24,$20382757.25,$159.99
11/7/2017,$15393892.98,$15393549.06,$343.92
11/8/2017,$17439826.49,$17438930.61,$895.88
11/9/2017,$17381503.93,$17380122.12,$1381.81
11/10/2017,$19902423.64,$19901613.26,$810.38
11/11/2017,$23459396.89,$23458330.14,$1066.75
11/12/2017,$32667443.87,$32665911.01,$1532.86
11/13/2017,$26941616.73,$26940936.81,$679.92
11/14/2017,$26920838.54,$26919877.15,$961.39
11/15/2017,$32157191.28,$32155494.91,$1696.37
11/16/2017,$25994381.68,$25993322.39,$1059.29
11/17/2017,$22049634.57,$22049426.61,$207.96
11/18/2017,$23808996.67,$23808520.05,$476.62
11/19/2017,$29926802.46,$29925366.31,$1436.15
11/20/2017,$25985892.53,$25984207.07,$1685.46
11/21/2017,$27457791.65,$27456623.08,$1168.57
11/22/2017,$56192574.11,$56190151.39,$2422.72
11/23/2017,$88840990.57,$88835844.63,$5145.94
11/24/2017,$150963085.98,$150957333.13,$5752.85
11/25/2017,$84684058.25,$84680458.05,$3600.20
11/26/2017,$60968351.74,$60966383.84,$1967.90
11/27/2017,$121076290.24,$121071836.84,$4453.40
11/28/2017,$47997899.18,$47996086.11,$1813.07
11/29/2017,$41122330.53,$41120043.70,$2286.83
11/30/2017,$46828631.07,$46826032.03,$2599.04
12/1/2017,$41197950.65,$41197015.53,$935.12
12/2/2017,$43331694.76,$43331284.33,$410.43
12/3/2017,$49979355.35,$49977084.29,$2271.06
12/4/2017,$43980826.72,$43978199.37,$2627.35
12/5/2017,$43399166.04,$43398111.65,$1054.39
12/6/2017,$44644284.03,$44641559.20,$2724.83
12/7/2017,$44943892.46,$44942600.35,$1292.11
12/8/2017,$44021503.18,$44019492.86,$2010.32
12/9/2017,$55340477.58,$55338897.82,$1579.76
12/10/2017,$68454247.33,$68451739.56,$2507.77
12/11/2017,$80560276.23,$80558160.96,$2115.27
12/12/2017,$49658843.03,$49655921.90,$2921.13
12/13/2017,$46296811.00,$46295035.36,$1775.64
12/14/2017,$33533124.38,$33529751.09,$3373.29
12/15/2017,$38126058.37,$38124699.66,$1358.71
12/16/2017,$35082671.08,$35081576.70,$1094.38
12/17/2017,$42270233.77,$42267085.76,$3148.01
12/18/2017,$35041114.54,$35040118.48,$996.06
12/19/2017,$41333671.40,$41331527.92,$2143.48
12/20/2017,$37964142.50,$37962195.05,$1947.45
12/21/2017,$20343533.75,$20341051.37,$2482.38
12/22/2017,$16809329.18,$16808890.24,$438.94
12/23/2017,$18568383.85,$18567964.87,$418.98
12/24/2017,$13573450.57,$13573089.54,$361.03
12/25/2017,$15373687.64,$15373242.04,$445.60
12/26/2017,$28866223.76,$28865078.18,$1145.58
12/27/2017,$25547678.05,$25546943.70,$734.35
12/28/2017,$23301419.34,$23301029.26,$390.08
12/29/2017,$25551532.26,$25550196.02,$1336.24
12/30/2017,$29331550.44,$29328192.30,$3358.14
12/31/2017,$21048306.08,$21047114.36,$1191.72
